<record><leader>00000cas a2200000 a 4500</leader><controlfield tag="001">15259719</controlfield><controlfield tag="008">870303d188u188uiluwr ne      0   a0eng c</controlfield><datafield ind1=" " ind2=" " tag="010"><subfield code="a">sn 87082289 </subfield></datafield><datafield ind1=" " ind2=" " tag="040"><subfield code="a">NPV</subfield><subfield code="b">eng</subfield><subfield code="c">NPV</subfield><subfield code="d">NVF</subfield><subfield code="d">OCLCQ</subfield><subfield code="d">NVF</subfield><subfield code="d">OCLCQ</subfield><subfield code="d">OCLCF</subfield><subfield code="d">NVF</subfield><subfield code="d">OCLCO</subfield></datafield><datafield ind1="1" ind2=" " tag="029"><subfield code="a">AU@</subfield><subfield code="b">000025817041</subfield></datafield><datafield ind1=" " ind2=" " tag="042"><subfield code="a">pcc</subfield></datafield><datafield ind1=" " ind2=" " tag="043"><subfield code="a">n-us-il</subfield></datafield><datafield ind1="0" ind2=" " tag="130"><subfield code="a">Litchfield advocate (Litchfield, Ill. : 1883)</subfield></datafield><datafield ind1="1" ind2="0" tag="245"><subfield code="a">Litchfield advocate.</subfield></datafield><datafield ind1=" " ind2=" " tag="260"><subfield code="a">Litchfield, Ill. :</subfield><subfield code="b">J.L. Slack</subfield></datafield><datafield ind1=" " ind2=" " tag="300"><subfield code="a">v.</subfield></datafield><datafield ind1=" " ind2=" " tag="310"><subfield code="a">Weekly</subfield></datafield><datafield ind1=" " ind2=" " tag="588"><subfield code="a">Description based on: Vol. 9, no. 32 (Apr. 21, 1883).</subfield></datafield><datafield ind1=" " ind2=" " tag="588"><subfield code="a">Latest issue consulted: Vol. 9, no. 32 (Apr. 21, 1883).</subfield></datafield><datafield ind1=" " ind2="0" tag="651"><subfield code="a">Litchfield (Ill.)</subfield><subfield code="v">Newspapers.</subfield></datafield><datafield ind1=" " ind2="7" tag="651"><subfield code="a">Illinois</subfield><subfield code="z">Litchfield.</subfield><subfield code="2">fast</subfield><subfield code="0">(OCoLC)fst01226544</subfield></datafield><datafield ind1=" " ind2="7" tag="655"><subfield code="a">Newspapers.</subfield><subfield code="2">fast</subfield><subfield code="0">(OCoLC)fst01423814</subfield></datafield><datafield ind1=" " ind2=" " tag="752"><subfield code="a">United States</subfield><subfield code="b">Illinois</subfield><subfield code="c">Montgomery</subfield><subfield code="d">Litchfield.</subfield></datafield><datafield ind1="0" ind2="0" tag="780"><subfield code="t">Montgomery Democrat (Litchfield, Ill.)</subfield><subfield code="w">(DLC)sn 87082286</subfield><subfield code="w">(OCoLC)15258071</subfield></datafield><datafield ind1="0" ind2="0" tag="785"><subfield code="t">Litchfield weekly advocate</subfield><subfield code="w">(DLC)sn 91054598</subfield><subfield code="w">(OCoLC)23808051</subfield></datafield></record>